@book{b1,
	title={Pediatric cataract surgery: techniques, complications, and management},
	author={Wilson, M Edward and Trivedi, Rupal H and Pandey, Suresh K},
	year={2005},
	publisher={Lippincott Williams \& Wilkins}
}







